<record><leader>00000cas a22000007a 4500</leader><controlfield tag="001">12878928</controlfield><controlfield tag="008">851206d19251926utuwr ne      0    0eng d</controlfield><datafield ind1=" " ind2=" " tag="010"><subfield code="a">sn 85058323 </subfield></datafield><datafield ind1=" " ind2=" " tag="040"><subfield code="a">UNP</subfield><subfield code="b">eng</subfield><subfield code="c">UNP</subfield><subfield code="d">OCLCQ</subfield></datafield><datafield ind1=" " ind2=" " tag="042"><subfield code="a">msc</subfield></datafield><datafield ind1="0" ind2="4" tag="245"><subfield code="a">The Jordan journal.</subfield></datafield><datafield ind1=" " ind2=" " tag="260"><subfield code="a">Midvale City, Utah :</subfield><subfield code="b">Jordan Pub. Co.,</subfield><subfield code="c">1925-1926.</subfield></datafield><datafield ind1=" " ind2=" " tag="300"><subfield code="a">2 v. :</subfield><subfield code="b">ill.</subfield></datafield><datafield ind1=" " ind2=" " tag="310"><subfield code="a">Weekly</subfield></datafield><datafield ind1="0" ind2=" " tag="362"><subfield code="a">Vol. 1, no. 1 (May 14, 1925)-v. 2, no. 31 (Dec. 30, 1926).</subfield></datafield><datafield ind1=" " ind2=" " tag="500"><subfield code="a">Issues for May 20-Dec. 30, 1926 contain section titled: Draper journal, which carries its own numbering: Vol. 1, no. 1-v. 1, no. 33.</subfield></datafield><datafield ind1="0" ind2="2" tag="730"><subfield code="a">Draper journal.</subfield></datafield><datafield ind1=" " ind2=" " tag="752"><subfield code="a">United States</subfield><subfield code="b">Utah</subfield><subfield code="c">Salt Lake</subfield><subfield code="d">Midvale.</subfield></datafield><datafield ind1="0" ind2="0" tag="785"><subfield code="t">Midvale journal and Murray eagle</subfield><subfield code="w">(DLC)sn 85058324</subfield><subfield code="w">(OCoLC)12878980</subfield></datafield></record>